%% LaTeX2e file `bibliografia.bib'
%% generated by the `filecontents' environment
%% from source `sprawozdanie' on 2020/01/23.
%%
@article{podstawoweAlgorytmy,
 author = {Marcin Andrychowicz, Tomasz Kulczyński, Błażej Osiński},
 publisher = {Warszawska Wyższa Szkoła Informatyki},
 year = {2010},
 title = {Przegl\k{a}d podstawowych algorytm\'{o}w}

}
